<record><leader>00000cas a22000007a 4500</leader><controlfield tag="001">11430598</controlfield><controlfield tag="008">841128d19191935mtuwr ne      0    0eng d</controlfield><controlfield tag="009">4661</controlfield><datafield ind1=" " ind2=" " tag="010"><subfield code="a">sn 84036256 </subfield></datafield><datafield ind1=" " ind2=" " tag="040"><subfield code="a">MTL</subfield><subfield code="b">eng</subfield><subfield code="c">MTL</subfield></datafield><datafield ind1="1" ind2=" " tag="029"><subfield code="a">AU@</subfield><subfield code="b">000025811812</subfield></datafield><datafield ind1=" " ind2=" " tag="042"><subfield code="a">msc</subfield></datafield><datafield ind1="0" ind2="4" tag="245"><subfield code="a">The Powder River County examiner and the Broadus independent.</subfield></datafield><datafield ind1=" " ind2=" " tag="260"><subfield code="a">Broadus, Mont. :</subfield><subfield code="b">[Broadus Pub. Co.],</subfield><subfield code="c">1919-1935.</subfield></datafield><datafield ind1=" " ind2=" " tag="300"><subfield code="a">18 v. :</subfield><subfield code="b">ill. ;</subfield><subfield code="c">52 cm.</subfield></datafield><datafield ind1=" " ind2=" " tag="310"><subfield code="a">Weekly</subfield></datafield><datafield ind1="0" ind2=" " tag="362"><subfield code="a">Vol. 1, no. 32 (May 31, 1919)-v. 18, no. 33 (May 17, 1935).</subfield></datafield><datafield ind1=" " ind2=" " tag="500"><subfield code="a">"Independent," 1919-1925; "Republican," 1925-1935. Cf. Newspaper directory of Montana, 1920-1936.</subfield></datafield><datafield ind1=" " ind2=" " tag="752"><subfield code="a">United States</subfield><subfield code="b">Montana</subfield><subfield code="c">Powder River</subfield><subfield code="d">Broadus.</subfield></datafield><datafield ind1="0" ind2="0" tag="780"><subfield code="t">Broadus independent</subfield><subfield code="w">(DLC)sn 84036255</subfield></datafield><datafield ind1="0" ind2="0" tag="785"><subfield code="t">Powder River County examiner</subfield><subfield code="w">(DLC)sn 84036257</subfield></datafield></record>